@UNPUBLISHED{ref:mellors,
    author = {M. Mellors},
    title = {Robotic Unicycle: Mechanics \& Control},
    note = {CUED Master's Project},
    year = {2005},
}
@UNPUBLISHED{ref:lamb,
    author = {A. Lamb},
    title = {Robotic Unicycle: Mechanics \& Control},
    note = {CUED Master's Project},
    year = {2005},
}
@UNPUBLISHED{ref:dsm,
    author = {N. D'Souza-Mathew},
    title = {Balancing of a Robotic Unicycle},
    note = {CUED Master's Project},
    year = {2008},
}
@UNPUBLISHED{ref:forster,
    author = {D. Forster},
    title = {Robotic Unicycle},
    note = {CUED Master's Project},
    year = {2009},
}
@UNPUBLISHED{ref:mchutchon,
    author = {A. McHutchon},
    title = {Machine Learning for Control},
    note = {CUED Master's Project},
    year = {2010},
}

@ARTICLE{ref:zenkov,
    author = {D. Zenkov et al.},
    title = {The {L}yapunov-{M}alkin theorem and stabilization of the unicycle with rider},
    journal = {Systems and Control Letters},
    year = {2002},
    volume = {46},
    pages = {293-302},
}
@MISC{ref:murata,
    author = {Murata Manufacturing Co.},
    title = {Development of the unicycle-riding robot: MURATA GIRL},
    howpublished = "\url{http://www.murata.com/new/news_release/2008/0923.html}",
    year = {2008},
}
@ARTICLE{ref:naveh,
    author = {Y. Naveh et al.},
    title = {Nonlinear Modelling and Control of a Unicycle},
    journal = {Dynamics and Control},
    year = {1999},
    volume = {9},
    pages = {279-296},
}
@UNPUBLISHED{ref:vos,
    author = {D. Vos},
    title = {Nonlinear control of an autonomous unicycle robot: Practical Issues},
    note = {MIT PhD Thesis},
    year = {1992},
}
@incollection{ref:rasdei08,
 author = {Rasmussen, Carl Edward and Deisenroth, Marc Peter},
 chapter = {Probabilistic Inference for Fast Learning in Control},
 title = {Recent Advances in Reinforcement Learning},
 editor = {Girgin, Sertan and Loth, Manuel and Munos, R\'{e}mi and Preux, Philippe and Ryabko, Daniil},
 year = {2008},
 isbn = {978-3-540-89721-7},
 pages = {229--242},
 numpages = {14},
 url = {http://dx.doi.org/10.1007/978-3-540-89722-4_18},
 doi = {http://dx.doi.org/10.1007/978-3-540-89722-4_18},
 acmid = {1485255},
 publisher = {Springer-Verlag},
 address = {Berlin, Heidelberg},
} 

@INPROCEEDINGS{ref:rasdei11,
  author = {Marc P. Deisenroth and Carl E. Rasmussen},
  title = {P{ILCO: A Model-Based and Data-Efficient Approach to Policy Search}},
  booktitle = {Proceedings of the 28th International Conference on Machine Learning},
  year = {2011},
  editor = {L. Getoor and T. Scheffer},
  pages = {},
  address = {Bellevue, WA, USA},
  month = {June},
  publisher = {}
}

@INPROCEEDINGS{ref:gpml,
  author = {Carl Edward Rasmussen},
  title = {Gaussian processes for machine learning},
  booktitle = {},
  year = {2006},
  publisher = {MIT Press}
}
